@Book{knuth:84,
  author = 	 {Donald E. Knuth},
  title = 	 {The {\TeX} Book},
  publisher = 	 {Addison-Wesley},
  year = 	 {1984},
  edition = 	 {15th}
}

@InCollection{boulic:91,
  author = 	 {R. Boulic and O. Renault},
  title = 	 {3D Hierarchies for Animation},
  booktitle = 	 {New Trends in Animation and Visualization},
  publisher =    {John Wiley {\&} Sons ltd.},
  year = 	 {1991},
  editor = 	 {Nadia Magnenat-Thalmann and Daniel Thalmann}
}

@InCollection{smith:99,
  author = 	 {A. Smith and B. Jones},
  title = 	 {On the Complexity of Computing},
  booktitle = 	 {Advances in Computer Science},
  pages = 	 {555--566},
  publisher =    {Publishing Press},
  year = 	 {1999},
  editor = 	 {A. B. Smith-Jones}
}


@article{doi:10.1098/rspa.1927.0118,
author = {Kermack, William Ogilvy  and McKendrick},
title = {A contribution to the mathematical theory of epidemics},
journal = {Proceedings of the Royal Society of London. Series A, Containing Papers of a Mathematical and Physical Character},
volume = {115},
number = {772},
pages = {700-721},
year = {1927},
doi = {10.1098/rspa.1927.0118},
URL = {https://royalsocietypublishing.org/doi/abs/10.1098/rspa.1927.0118},
eprint = {https://royalsocietypublishing.org/doi/pdf/10.1098/rspa.1927.0118}
}

@article{impirial1,
author  = {Thomas A Mellan, Henrique H Hoeltgebaum, Swapnil Mishra, A. G.  and Walker, Gilbert Thomas Charlie Whittaker , Ricardo P Schnekenberg, Axel Gandy, H Juliette T U nwin, Michaela A C Vollmer, Helen C oupland, Iwona H awryluk, Nuno Rodrigues Faria, Juan Vesga, Harrison Zhu, Michael Hutchinson, Oliver Ratmann, Melodie Monod, Kylie Ainslie, Marc Baguelin, Sangeeta Bhatia, Adhiratha Boonyasiri, Nicholas Brazeau, Giovanni Charles, Laura V Cooper, Zulma Cucunuba, Gina Cuomo-Dannenburg, Amy Dighe, Bimandra Djaafara, Jeff Eaton, Sabine L van Elsland, Richard FitzJohn, Keith Fraser, Katy Gaythorpe, Will Green, Sarah Hayes, Natsuko Imai, Ben
Jeffrey, Edward Knock, Daniel Laydon, John Lees, Tara Mangal, Andria Mousa, Gemma Nedjati Gilani,
Pierre Nouvellet, Daniela Olivera, Kris V Parag, Michael Pickles, Hayley A Thompson, Robert Verity, Caroline Walters, Haowei Wang, Yuanrong Wang, Oliver J Watson, Lilith Whittles, Xiaoyue Xi, Lucy Okell, Ilaria
Dorigatti, Patrick Walker, Azra Ghani, Steven Riley, Neil M Ferguson1, Christl A. Donnelly, Seth Flaxman, Samir Bhatt},
title = {Report 21: Estimating COVID-19 cases and reproduction number in Brazil},
note =  {\url{https://www.imperial.ac.uk/media/imperial-college/medicine/mrc-gida/2020-05-08-COVID19-Report-21.pdf}},
doi = {10.25561/78872}
}

@article{delphi,
author = {Michael Lingzhi Li, Hamza Tazi Bouardi , Omar Skali Lami , Nikolaos Trichakis , Thomas Trikalinos, Dimitris Bertsimas},
title = {Overview of DELPHI Model V2.8 - COVIDAnalytics},
note = {\url{https://github.com/COVIDAnalytics/DELPHI} \url{https://www.covidanalytics.io/projections} \url{https://www.covidanalytics.io/projections_documentation} }
}

@book{2008elementary,
  title={Elementary Differential Equations and Boundary Value Problems},
  author={DiPrima, R.C.},
  isbn={9780470383346},
  lccn={2010483814},
  url={https://books.google.com.br/books?id=nYWcQgAACAAJ},
  year={2008},
  publisher={Wiley}
}

@misc{minsaude,
howpublished = {\url{https://covid.saude.gov.br/}}
}
