@article{doi:10.1098/rspa.1927.0118,
author = {Kermack, William Ogilvy  and McKendrick},
title = {A contribution to the mathematical theory of epidemics},
journal = {Proceedings of the Royal Society of London. Series A, Containing Papers of a Mathematical and Physical Character},
volume = {115},
number = {772},
pages = {700-721},
year = {1927},
doi = {10.1098/rspa.1927.0118},
URL = {https://royalsocietypublishing.org/doi/abs/10.1098/rspa.1927.0118},
eprint = {https://royalsocietypublishing.org/doi/pdf/10.1098/rspa.1927.0118}
}

@misc{impirial1,
author  = {Thomas A Mellan and Henrique H Hoeltgebaum and Swapnil Mishra and A. G.  and Walker and Gilbert Thomas Charlie Whittaker  and Ricardo P Schnekenberg and Axel Gandy and H Juliette T U nwin and Michaela A C Vollmer and Helen C oupland and Iwona H awryluk and Nuno Rodrigues Faria and Juan Vesga and Harrison Zhu and Michael Hutchinson and Oliver Ratmann and Melodie Monod and Kylie Ainslie and Marc Baguelin and Sangeeta Bhatia and Adhiratha Boonyasiri and Nicholas Brazeau and Giovanni Charles and Laura V Cooper and Zulma Cucunuba and Gina Cuomo-Dannenburg and Amy Dighe and Bimandra Djaafara and Jeff Eaton and Sabine L van Elsland and Richard FitzJohn and Keith Fraser and Katy Gaythorpe and Will Green and Sarah Hayes and Natsuko Imai and Ben
Jeffrey and Edward Knock and Daniel Laydon and John Lees and Tara Mangal and Andria Mousa and Gemma Nedjati Gilani and
Pierre Nouvellet and Daniela Olivera and Kris V Parag and Michael Pickles and Hayley A Thompson and Robert Verity and Caroline Walters and Haowei Wang and Yuanrong Wang and Oliver J Watson and Lilith Whittles and Xiaoyue Xi and Lucy Okell and Ilaria
Dorigatti and Patrick Walker and Azra Ghani and Steven Riley and Neil M Ferguson1 and Christl A. Donnelly and Seth Flaxman and Samir Bhatt},
title = {Report 21: Estimating COVID-19 cases and reproduction number in Brazil},
year = {2020},
howpublished =  {\url{https://www.imperial.ac.uk/media/imperial-college/medicine/mrc-gida/2020-05-08-COVID19-Report-21.pdf}},
doi = {10.25561/78872}
}

@misc{delphi,
author = {Michael Lingzhi Li and Hamza Tazi Bouardi  and Omar Skali Lami  and Nikolaos Trichakis  and Thomas Trikalinos and Dimitris Bertsimas},
title = {Overview of DELPHI Model V2.8 - COVIDAnalytics},
year = {2020},
howpublished = {\url{https://github.com/COVIDAnalytics/DELPHI}  }
}

@book{2008elementary,
  title={Elementary Differential Equations and Boundary Value Problems},
  author={DiPrima, R.C.},
  isbn={9780470383346},
  lccn={2010483814},
  url={https://books.google.com.br/books?id=nYWcQgAACAAJ},
  year={2008},
  publisher={Wiley}
}

@misc{minsaude,
author = {Portal Coronav√≠rus},
howpublished = {\url{https://covid.saude.gov.br/}},
year = {2020}
}


@misc{BoletinsMS,
author = {Governo Estadual do Mato Grosso do Sul},
howpublished = {\url{http://www.vs.saude.ms.gov.br/Geral/vigilancia-saude/vigilancia-epidemiologica/boletim-epidemiologico/}},
year = {2020}
}


