@article{doi:10.1098/rspa.1927.0118,
author = {Kermack, William Ogilvy  and McKendrick},
title = {A contribution to the mathematical theory of epidemics},
journal = {Proceedings of the Royal Society of London. Series A, Containing Papers of a Mathematical and Physical Character},
volume = {115},
number = {772},
pages = {700-721},
year = {1927},
doi = {10.1098/rspa.1927.0118},
URL = {https://royalsocietypublishing.org/doi/abs/10.1098/rspa.1927.0118},
eprint = {https://royalsocietypublishing.org/doi/pdf/10.1098/rspa.1927.0118}
}

@article{impirial1,
author  = {Thomas A Mellan, et al.},
title = {Report 21: Estimating COVID-19 cases and reproduction number in Brazil},
journal = {Internal Report},
year = {2020},
howpublished =  {\url{https://www.imperial.ac.uk/media/imperial-college/medicine/mrc-gida/2020-05-08-COVID19-Report-21.pdf}},
doi = {10.25561/78872}
}



@article{delphi,
author = {Michael Lingzhi Li, et al.},
title = {Overview of DELPHI Model V2.8 - COVIDAnalytics},
Journal = {Open Report},
year = {2020},
howpublished = {\url{https://github.com/COVIDAnalytics/DELPHI}  }
}

@book{2008elementary,
  title={Elementary Differential Equations and Boundary Value Problems},
  author={DiPrima, R.C.},
  isbn={9780470383346},
  lccn={2010483814},
  url={https://books.google.com.br/books?id=nYWcQgAACAAJ},
  year={2008},
  publisher={Wiley}
}

@misc{minsaude,
title={Portal CORONAV√çRUS BRASIL},
year = {2020},
howpublished = {\url{https://covid.saude.gov.br/}}
}
